<record><leader>00000cas a22000007a 4500</leader><controlfield tag="001">14771213</controlfield><controlfield tag="008">861120d18381839inuwr ne      0    0eng d</controlfield><datafield ind1=" " ind2=" " tag="010"><subfield code="a">sn 86058981 </subfield></datafield><datafield ind1=" " ind2=" " tag="040"><subfield code="a">NPI</subfield><subfield code="b">eng</subfield><subfield code="c">NPI</subfield><subfield code="d">OCLCQ</subfield></datafield><datafield ind1=" " ind2=" " tag="042"><subfield code="a">msc</subfield></datafield><datafield ind1="0" ind2="0" tag="245"><subfield code="a">Perrysville banner.</subfield></datafield><datafield ind1=" " ind2=" " tag="260"><subfield code="a">Perrysville, Vermillion County, Ia. [i.e. Ind.] :</subfield><subfield code="b">J.R. Jones</subfield></datafield><datafield ind1=" " ind2=" " tag="310"><subfield code="a">Weekly</subfield></datafield><datafield ind1="1" ind2=" " tag="362"><subfield code="a">Began in 1838; ceased in 1839?</subfield></datafield><datafield ind1=" " ind2=" " tag="588"><subfield code="a">Description based on: Vol. 1, no. 23 (Jan. 26, 1839).</subfield></datafield><datafield ind1=" " ind2=" " tag="752"><subfield code="a">United States</subfield><subfield code="b">Indiana</subfield><subfield code="c">Vermillion</subfield><subfield code="d">Perrysville.</subfield></datafield><datafield ind1="0" ind2="0" tag="785"><subfield code="t">Vermillion register</subfield></datafield></record>